@misc{cooking_classy,
  key = "cooking_classy",
  title = {{Cooking Classy}},
  note = {\url{http://www.cookingclassy.com/}}
},

@misc{allrecipes,
  key = "allrecipes",
  title = {{All Recipes}},
  note = {\url{http://allrecipes.com/}},
},

@misc{cook_lite,
  key = "cook_lite",
  title = {{Cook Assistant Lite}},
  note = {\url{https://play.google.com/store/apps/details?id=com.quasarcomputing.cookassistantfree.activities}},
},

@misc{api_oven,
  key = “api_oven“,
  title = {{Big Oven}},
  note = {\url{http://api.bigoven.com/}},
},

@inproceedings{baddeley_1992,
 author = {Baddeley, A. D.},
 title = {Working memory},
 booktitle = {Science},
 year = {1992},
 pages = {556–559},
}, 

@inproceedings{miller_1956,
 author = {Miller, G. A.},
 title = {The magical number seven, two: Some limits on our capacity forprocessing information},
 booktitle = {Psychological Review},
 year = {1956},
 pages = {81–97},
}, 

@inproceedings{mayer_2003,
 author = {Mayer, R. E. and Moreno, R.},
 title = {Nine Ways to Reduce Cognitive Load inMultimedia Learning},
 booktitle = {Educational Psychologist},
 year = {2003},
 pages = {43–52},
}, 

@inproceedings{mayer_2005,
 author = {Mayer, R. E.},
 title = {Cognitive Theory Of Multimedia Learning},
 booktitle = {Educational Psychologist},
 year = {2005},
 pages = {144–177},
}, 

@inproceedings{moons_2013,
 author = {Moons, J. and De Backer, C.},
 title = {The design and pilot evaluation of an interactive learningenvironment for introductory programming influenced by cognitive load theory andconstructivism},
 booktitle = {Computers and Education},
 year = {2013},
 pages = {368–384},
}, 

@inproceedings{wong_2012,
 author = {Wong, A. and Leahy, W. and Marcus, N. and Sweller, J.},
 title = {Cognitive load theory the transientinformation effect and e-learning},
 booktitle = {Learning and Instruction},
 year = {2012},
 pages = {449–457},
}, 

@inproceedings{pass_2012,
 author = {Paas, F. and Sweller, J.},
 title = {An Evolutionary Upgrade of Cognitive Load Theory:Using the Human Motor System and Collaboration to Support the Learning of ComplexCognitive Tasks},
 booktitle = {Educational Psychologist},
 year = {2012},
 pages = {27–45},
}, 

@inproceedings{post_2013,
 author = {Post, L. S. and Van, G. T. and Paas, F. and Zwaan, R. A.},
 title = {Effects of simultaneously observingand making gestures while studying grammar animations on cognitive load andlearning},
 booktitle = {Computers in Human Behavior},
 year = {2013},
 pages = {1450–1455},
}, 

@inproceedings{brunken_2003,
 author = {Brunken, R. and Plass, J. L. and Leutner, D.},
 title = {Direct Measurement ofCognitive Load in Multimedia Learning},
 booktitle = {Educational Psychologist},
 year = {2003},
 pages = {53–61},
}, 

@inproceedings{khacharem_2014,
 author = {Khacharem, A. and Zoudji, B. and Spanjers, I. and Kalyuga, S.},
 title = {Improving learning fromanimated soccer scenes: Evidence for the expertise reversal effect},
 booktitle = {Computers inHuman Behavior},
 year = {2014},
 pages = {339–349},
}, 

@inproceedings{freyne_2010,
 author = {Freyne, J. and Berkovsky, S.H.},
 title = {Intelligent food planning: personalized recipe},
 year = {2010},
},

@inproceedings{van_2011,
 author = {van Pinxteren, Y. and Geleijnse, G. and Kamsteeg, P.},
 title = {Deriving a recipe similarity measure for recommending healthful meals},
 booktitle = {Intelligent User Interfaces},
 year = {2011},
 pages = {105–114},
},  

@inproceedings{ueda_2011,
 author = {Ueda, M. and Takahata, M. and Nakajima, S.},
 title = {User’s food
preference extraction for personalized cooking recipe
recommendation},
 booktitle = {Workshop on
Semantic Personalized Information Management:
Retrieval and Recommendation},
 year = {2011},
},  

@misc{kraft,
  key = “kraft”,
  title = {{Kraft's iFood Assistant}},
  note = {\url{http://www.kraftrecipes.com/}},
},

@inproceedings{myhrvold_2011,
 author = {Myhrvold N and Young C},
 title = {Modernist cuisine. The art and science of cooking},
 booktitle = {Ingram Publisher Services},
 year = {2011},
},  

@misc{martha,
  key = “martha”,
  title = {{Martha Stewart: Spaghetti Squash Gratin}},
  note = {\url{http://www.marthastewart.com/873340/spaghetti-squash-gratin}}
},

@misc{goodfoodstories,
  key = “goodfoodstories”,
  title = {{Good Food Stories}},
  note = {\url{http://www.goodfoodstories.com/2012/10/11/homemade-ravioli}}
},

@inproceedings{nasa_tlx,
 author = {Hart, S. and Staveland, L.},
 title = {Development of NASA-TLX},
 booktitle = {Human Mental Workload},
 year = {1988},
 pages = {139–183},
},  

@inproceedings{fitts,
 author = {Fitts, P. M. and Peterson J. R.},
 title = {Information capacity of discrete motor responses},
 booktitle = {Journal of Experimental Psychology},
 year = {1964},
 pages = {103–112},
},  

@inproceedings{subgoal,
 author = {Catrambone, R.},
 title = {Effects of background on subgoal learning},
 booktitle = {Proceedings of the Seventeenth Annual Conference of the Cognitive Science Society},
 year = {1995},
 pages = {5–17},
}, 